@Book{xUnit_Test_Patterns_Refactoring,
	author = {Gerard Meszaros},
	title = {xUnit Test Patterns - Refactoring Test Code},
	publisher = {Addison Wesley},
	year = {2007},
	month= {05},
	pages = {695--708}
}

@Book{buch,
	author = {Max Mustermann},
	title = {Ich bin ein Buch},
	publisher = {Verlag},
	year = {2013}
}

@ONLINE{online,
	author = {Carsten Kern},
	title = {\texttt{http://www.MathComm.net}},
	url = {http://www.mathcomm.net},
	note = {Unterst\"utzung von Studierenden in Mathematik}
}

@Online{Unity_Doc_Creating_and_Using_Scripts,
	title = {Creating and Using Scripts - Unity Manual},
	author = {Unity Technologies},
	institution = {Unity Technologies},
	month = {11},
	year  = {2019},
	url = {https://docs.unity3d.com/Manual/CreatingAndUsingScripts.html},
	urldate  = {2019-11-03}
}

@Online{Unity_Doc_Main,
	title = {Unity Manual},
	author = {Unity Technologies},
	institution = {Unity Technologies},
	month = {11},
	year  = {2019},
	url = {https://docs.unity3d.com/Manual/index.html},
	urldate  = {2019-11-03}
}

@Online{Unity_Doc_MonoBehaviour,
	title = {MonoBehaviour - Unity Scripting API},
	author = {Unity Technologies},
	institution = {Unity Technologies},
	month = {11},
	year  = {2019},
	url = {https://docs.unity3d.com/ScriptReference/MonoBehaviour.html},
	urldate  = {2019-11-13}
}

@Online{Unity_Doc_Navmesh,
	title = {Navigation and Pathfinding - Unity Manual},
	author = {Unity Technologies},
	institution = {Unity Technologies},
	month = {09},
	year  = {2019},
	url = {https://docs.unity3d.com/Manual/Navigation.html},
	urldate  = {2019-09-27}
}

@Online{Unity_Doc_Assets_Bib,
	title = {Unity Asset Store},
	author = {Unity Technologies},
	institution = {Unity Technologies},
	month = {09},
	year  = {2019},
	url = {https://assetstore.unity.com/},
	urldate  = {2019-11-04}
}

@Online{Unity_Doc_Animator,
	title = {Animator Controller - Unity Manual},
	author = {Unity Technologies},
	institution = {Unity Technologies},
	month = {10},
	year  = {2019},
	url = {https://docs.unity3d.com/Manual/class-AnimatorController.html},
	urldate  = {2019-10-13}
}

@Online{Unity_Doc_Canvas,
	title = {Canvas - Unity Manual},
	author = {Unity Technologies},
	institution = {Unity Technologies},
	month = {11},
	year = {2019},
	url = {https://docs.unity3d.com/Manual/UICanvas.html},
	urldate = {2019-11-07}
}

@Online{Unity_Doc_UNet,
	title = {Multiplayer and Networking - Unity Manual},
	author = {Unity Technologies},
	institution = {Unity Technologies},
	month = {10},
	year  = {2019},
	url = {https://docs.unity3d.com/Manual/UNet.html},
	urldate  = {2019-10-21}
}

@Online{Unity_Doc_Gizmo,
	title = {Gizmos - Unity Manual},
	author = {Unity Technologies},
	institution = {Unity Technologies},
	month = {10},
	year  = {2019},
	url = {https://docs.unity3d.com/2018.3/Documentation/ScriptReference/Gizmos.html},
	urldate  = {2019-10-16}
}

@Online{Unity_Doc_LineRenderer,
	title = {Line - Unity Manual},
	author = {Unity Technologies},
	institution = {Unity Technologies},
	month = {10},
	year  = {2019},
	url = {https://docs.unity3d.com/Manual/class-LineRenderer.html},
	urldate  = {2019-10-24}
}

@Online{Unity_Doc_RayCast,
	title = {RayCast - Unity Manual},
	author = {Unity Technologies},
	institution = {Unity Technologies},
	month = {10},
	year  = {2019},
	url = {https://docs.unity3d.com/ScriptReference/Physics.Raycast.html},
	urldate  = {2019-10-24}
}

@Online{Unity_Doc_Lighting,
	title = {Types of light - Unity Manual},
	author = {Unity Technologies},
	institution = {Unity Technologies},
	month = {10},
	year  = {2019},
	url = {https://docs.unity3d.com/Manual/Lighting.html},
	urldate  = {2019-10-24}
}

@Online{Microsoft_Socket,
	title = {Socket Class - .NET Manual},
	author = {Microsoft},
	institution = {Microsoft},
	month = {10},
	year  = {2019},
	url = {https://docs.microsoft.com/en-us/dotnet/api/system.net.sockets.socket},
	urldate  = {2019-10-21}
}

@Online{Unity_Doc_PlayerPrefs,
	title = {PlayerPrefs - Unity Scripting API},
	author = {Unity Technologies},
	institution = {Unity Technologies},
	month = {10},
	year  = {2019},
	url = {https://docs.unity3d.com/ScriptReference/PlayerPrefs.html},
	urldate  = {2019-10-23}
}

@Online{Unity_Doc_SpriteRenderer,
	title = {Sprite Renderer - Unity Manual},
	author = {Unity Technologies},
	institution = {Unity Technologies},
	month = {11},
	year  = {2019},
	url = {https://docs.unity3d.com/Manual/class-SpriteRenderer.html},
	urldate = {2019-11-6}
}

@Online{Reflection,
	title = {Reflection},
	author = {Microsoft},
	institution = {Microsoft},
	month = {11},
	year  = {2019},
	url = {https://docs.microsoft.com/en-us/dotnet/csharp/programming-guide/concepts/reflection},
	urldate = {2019-11-12}
}

@article{A_Star_Paper,
	author = {Peter E. Hart and Nils J. Nilsson and Bertram Raphael},
	title = {A Formal Basis for the Heuristic Determination of Minimum Cost Paths},
	year = {1968},
	month = {7},
	volume = {4},
	number = {2},
	publisher = {IEEE},
	journal = {IEEE Transactions on Systems Science and Cybernetics}
}

@article{Liskov_Substitution_Principle,
 author = {Liskov, Barbara H. and Wing, Jeannette M.},
 title = {A Behavioral Notion of Subtyping},
 journal = {ACM Transactions on Programming Languages and Systems (TOPLAS)},
 volume = {16},
 number = {6},
 month = nov,
 year = {1994},
 pages = {1811--1841},
 publisher = {ACM}
}

@book{ai_modern_approach,
	author = {Stuart Russel and Peter Norvig},
	title = {Artificial Intelligence A Modern Approach},
	year = {2009},
	month = {12},
	day = {11},
	edition = {Third},
	isbn = {978-0-13-604259-4},
	publisher = {Pearson},
}

@book{cormen,
	author = {Thomas H. Cormen and Charles E. Leiserson and Ronald L. Rivest and Clifford Stein},
	title = {Introduction to Algorithms},
	year = {2009},	
	edition = {Third},
	isbn = {978-81-203-4007-7},
	publisher = {MIT Press}
}

@Online{Sprite_Machinegun,
	title = {Machine Gun Icon 35665},
	author = {Web Icons PNG},
	month = {11},
	year  = {2019},
	url = {https://webiconspng.com/icon/74371},
	urldate  = {2019-11-02}
}

@Online{Sprite_Shotgun,
	title = {Machine Gun Icon 35665},
	author = {pngimg.com},
	month = {11},
	year  = {2019},
	url = {Shotgun PNG image with transparent background},
	urldate  = {2019-11-02}
}

@Online{Sprite_Bat,
	title = {Polizei Schlagstock},
	author = {Amazon},
	month = {10},
	year  = {2019},
	url = {https://images-na.ssl-images-amazon.com/images/I/5190o7tY8dL._AC_SL1200_.jpg},
	urldate  = {2019-10-13}
}

@book{Gamma.2011,
 author = {Gamma, Erich},
 year = {2011},
 title = {Design patterns: Elements of reusable object-oriented software},
 address = {Boston},
 edition = {39. printing},
 publisher = {Addison-Wesley},
 isbn = {978-0201633610},
 series = {Addison-Wesley professional computing series}
}

@article{Torim.2012,
author = {Torim, Ants},
year = {2012},
month = {01},
pages = {313-320},
title = {A visual model of the CRUD matrix},
volume = {237},
journal = {Frontiers in Artificial Intelligence and Applications},
doi = {10.3233/978-1-60750-992-9-313}
}

@misc{Brackeys.2017,
 author = {Brackeys},
 year = {2017},
 title = {How to make a LEVEL EDITOR in Unity: In this video we set up a quick and easy way to edit levels.},
 url = {https://www.youtube.com/watch?v=B_Xp9pt8nRY},
 address = {Youtube},
 urldate = {2019-11-13}
}

@misc{KompositeSoundCaesarBostonProfiDevelopers.2019,
 author = {{Komposite Sound, Caesar Boston, Profi Developers}},
 year = {2019},
 title = {Soundclips - Footsteps, Weapon Soundtracks, Retro Music},
 url = {https://assetstore.unity.com},
 address = {Unity Technologies},
 urldate = {2019-11-13}
}

@book{Design_Patterns,
	title = {Design Patterns: Elements of Reusable Object-Oriented Software},
	author = {Erich Gamma and Richard Helm and Ralph Johnson and John Vlissides},
	year = {1994},
	publisher = {Addison-Wesley Professional},
	isbn = {978-0-201-63361-0},
}





